@article{brockschmidt2016analyzing,
  title={Analyzing runtime and size complexity of integer programs},
  author={Brockschmidt, Marc and Emmes, Fabian and Falke, Stephan and Fuhs, Carsten and Giesl, J{\"u}rgen},
  journal={ACM Transactions on Programming Languages and Systems (TOPLAS)},
  volume={38},
  number={4},
  pages={13},
  year={2016},
  publisher={ACM}
}